
@article{Heavens1995,
author = {Heavens, A and Taylor, A},
file = {:Users/bl/Documents/Mendeley Desktop/1995/Heavens, Taylor/Heavens, Taylor - 1995 - A spherical harmonie analysis of redshift space.pdf:pdf},
keywords = {clusters,cosmology,distances and redshifts -,galaxies,general - galaxies},
pages = {483--497},
title = {{A spherical harmonie analysis of redshift space}},
volume = {497},
year = {1995}
}


@article{Leistedt2012,
author = {Leistedt, B. and Rassat, A. and Refregier, A. and Starck, J.-L.},
volume = {540},
year = {2012},
journal = {Astronomy and Astrophysics}
}

@article{Lanusse2012,
archivePrefix = {arXiv},
arxivId = {arXiv:1112.0561v2},
author = {Lanusse, F. and Rassat, A. and Starck, J. -L.},
doi = {10.1051/0004-6361/201118568},
eprint = {arXiv:1112.0561v2},
file = {:Users/bl/Documents/Mendeley Desktop/2012/Lanusse, Rassat, Starck/Lanusse, Rassat, Starck - 2012 - Spherical 3D isotropic wavelets.pdf:pdf},
issn = {0004-6361},
journal = {Astronomy and Astrophysics},
keywords = {cosmology,data analysis,large-scale structure of the,methods,statistical,universe,wavelets - spherical fourier-bessel},
number = {3},
pages = {A92},
title = {{Spherical 3D isotropic wavelets}},
url = {http://www.aanda.org/articles/aa/abs/2012/04/aa18568-11/aa18568-11.html{\%}5Cnhttp://dx.doi.org/10.1051/0004-6361/201118568{\%}5Cnhttp://arxiv.org/abs/1112.0561},
volume = {540},
year = {2012}
}


@article{Fisher1994,
annote = {NULL},
archivePrefix = {arXiv},
arxivId = {9406009},
author = {Fisher, K B and Lahav, O and Ho, Y and Zaroubi, S},
eprint = {9406009},
file = {:Users/bl/Documents/Mendeley Desktop/1994/Fisher et al/Fisher et al. - 1994 - Mon. Not. R. Astron. Soc. 000 , 000{\{}000 (1994).pdf:pdf}},
title = {{Mon. Not. R. Astron. Soc. 000 , 000{\{}000 (1994)}}},
volume = {000},
year = {1994}
}
